@book{Goodfellow-et-al-2016,
	title={Deep Learning},
	author={Ian Goodfellow and Yoshua Bengio and Aaron Courville},
	publisher={MIT Press},
	note={\url{http://www.deeplearningbook.org}},
	year={2016}
}
@article{jia2014caffe,
  Author = {Jia, Yangqing and Shelhamer, Evan and Donahue, Jeff and Karayev, Sergey and Long, Jonathan and Girshick, Ross and Guadarrama, Sergio and Darrell, Trevor},
  Journal = {arXiv preprint arXiv:1408.5093},
  Title = {Caffe: Convolutional Architecture for Fast Feature Embedding},
  Year = {2014}
}
@conference{veit2016cocotext,
	title = {COCO-Text: Dataset and Benchmark for Text Detection and Recognition in Natural Images},
	author = {Andreas Veit and Tomas Matera and Lukas Neumann and Jiri Matas and Serge Belongie},
	url = {http://vision.cornell.edu/se3/wp-content/uploads/2016/01/1601.07140v1.pdf},
	year = {2016},
	date = {2016-01-26},
	booktitle = {arXiv preprint arXiv:1601.07140},
	keywords = {}
}
@book{pullum2007guidance,
	title={Guidance for the Verification and Validation of Neural Networks},
	author={Pullum, L.L. and Taylor, B.J. and Darrah, M.A.},
	isbn={9780470084571},
	lccn={2010277955},
	series={Emerging Technologies},
	url={https://books.google.es/books?id=\_g9jHhpGqvIC},
	year={2007},
	publisher={Wiley}
}
@misc{metrics,
	author = " Kavita Ganesan",
	title = "Text Mining, Analytics & More",
	year = "2014",
	howpublished = {\url{http://text-analytics101.rxnlp.com/2014/10/computing-precision-and-recall-for.html}},
	note = "[Accedido 25 de Mayo de 2017]"
}
